<?xml version="1.0" encoding="UTF-8"?><collection xmlns="http://www.loc.gov/MARC21/slim"><record><leader>00373nam--2200157-u-4500</leader><controlfield tag="001">000050854</controlfield><controlfield tag="002">20161230</controlfield><controlfield tag="005">20161230201048</controlfield><controlfield tag="008">080416s1000------------r-----000-0-eng-d</controlfield><datafield ind1=" " ind2=" " tag="040"><subfield code="a">IFIN-HH</subfield></datafield><datafield ind1=" " ind2=" " tag="080"><subfield code="a">51</subfield></datafield><datafield ind1="1" ind2=" " tag="100"><subfield code="a">Sabac,Gh.I.,Cocarlan,P.,Stanasila,O. si Topala,A</subfield></datafield><datafield ind1="1" ind2="0" tag="245"><subfield code="a">Matematici Speciale</subfield></datafield><datafield ind1=" " ind2=" " tag="490"><subfield code="v">Vol.II</subfield></datafield><datafield ind1=" " ind2=" " tag="852"><subfield code="a">51</subfield></datafield><datafield ind1=" " ind2=" " tag="CAT"><subfield code="a">Sys</subfield><subfield code="c">20080416</subfield><subfield code="h">111854</subfield></datafield></record></collection>